<?xml version="1.0" encoding="UTF-8"?>
<record xmlns="http://www.loc.gov/MARC21/slim">
   <leader>01037cam a22002891a 4500</leader>
   <controlfield tag="001">2963526</controlfield>
   <controlfield tag="003">NjP</controlfield>
   <controlfield tag="005">20171109170915.0</controlfield>
   <controlfield tag="008">960807s1960    sy c     b    000 0 ara  </controlfield>
   <datafield tag="024" ind1="7" ind2=" ">
      <subfield code="a">princeton_aco004975</subfield>
      <subfield code="2">local</subfield>
   </datafield>
   <datafield ind1=" " ind2=" " tag="010">
      <subfield code="a">   64305400  </subfield>
   </datafield>
   <datafield ind1=" " ind2=" " tag="035">
      <subfield code="a">(OCoLC)81317204</subfield>
   </datafield>
   <datafield ind1=" " ind2=" " tag="035">
      <subfield code="a">(CStRLIN)MAHGBHX10976-B</subfield>
   </datafield>
   <datafield ind1=" " ind2=" " tag="035">
      <subfield code="a">(MH)MHBHX10976HU</subfield>
   </datafield>
   <datafield ind1=" " ind2=" " tag="035">
      <subfield code="9">CPK6949TS</subfield>
   </datafield>
   <datafield ind1=" " ind2=" " tag="040">
      <subfield code="a">DLC</subfield>
      <subfield code="c">DLC</subfield>
      <subfield code="d">MH</subfield>
      <subfield code="d">CStRLIN</subfield>
      <subfield code="d">NjP</subfield>
   </datafield>
   <datafield ind1=" " ind2=" " tag="043">
      <subfield code="a">ma-----</subfield>
   </datafield>
   <datafield ind1="1" ind2=" " tag="100">
      <subfield code="a">Tūnjī, Muḥammad.</subfield>
   </datafield>
   <datafield ind1="1" ind2="3" tag="245">
      <subfield code="a">al-Ṭibāʻah wa-risālatuhā al-qawmīyah fī ʻālaminā al-ʻArabī /</subfield>
      <subfield code="c">taʾlīf Muḥammad al-Tūnjī [wa] Aḥmad Ḥafyān.</subfield>
   </datafield>
   <datafield ind1=" " ind2=" " tag="260">
      <subfield code="a">[Aleppo :</subfield>
      <subfield code="b">s.n. ;</subfield>
      <subfield code="c">1960]</subfield>
   </datafield>
   <datafield ind1=" " ind2=" " tag="300">
      <subfield code="a">89 p. :</subfield>
      <subfield code="b">port. ;</subfield>
      <subfield code="c">20 cm.</subfield>
   </datafield>
   <datafield ind1=" " ind2=" " tag="504">
      <subfield code="a">Includes bibliographical references (p. 84-85).</subfield>
   </datafield>
   <datafield ind1=" " ind2="0" tag="650">
      <subfield code="a">Printing</subfield>
      <subfield code="z">Arab countries</subfield>
      <subfield code="x">History.</subfield>
   </datafield>
   <datafield ind1=" " ind2="0" tag="650">
      <subfield code="a">Printing</subfield>
      <subfield code="x">History.</subfield>
      <subfield code="0">http://id.loc.gov/authorities/subjects/sh85106759</subfield>
   </datafield>
   <datafield ind1="1" ind2=" " tag="700">
      <subfield code="a">Ḥafyān, Aḥmad.</subfield>
   </datafield>
   <datafield ind1=" " ind2=" " tag="948">
      <subfield code="a">jab/con</subfield>
   </datafield>
   <datafield ind1=" " ind2=" " tag="911">
      <subfield code="a">20000427</subfield>
   </datafield>
   <datafield ind1=" " ind2=" " tag="912">
      <subfield code="a">20000503042507.0</subfield>
   </datafield>
   <datafield ind1="0" ind2="0" tag="852">
      <subfield code="0">3278606</subfield>
      <subfield code="b">nec</subfield>
      <subfield code="t">1</subfield>
      <subfield code="h">Z186.A73</subfield>
      <subfield code="i">T865 1960</subfield>
   </datafield>
   <datafield ind1=" " ind2=" " tag="959">
      <subfield code="a">2009-07-02 15:03:09 -0400</subfield>
   </datafield>
</record>
